<?xml version="1.0" encoding="UTF-8"?><record xmlns="http://www.loc.gov/MARC21/slim" xmlns:cinclude="http://apache.org/cocoon/include/1.0" xmlns:zs="http://www.loc.gov/zing/srw/">
  <leader>00313nz  a2200121n  4500</leader>
  <controlfield tag="001">n  89616531 </controlfield>
  <controlfield tag="003">DLC</controlfield>
  <controlfield tag="005">19890321121141.5</controlfield>
  <controlfield tag="008">890320n| acannaab|          |n aaa ||| c</controlfield>
  <datafield tag="010" ind1=" " ind2=" ">
    <subfield code="a">n  89616531 </subfield>
  </datafield>
  <datafield tag="040" ind1=" " ind2=" ">
    <subfield code="a">ICU</subfield>
    <subfield code="c">ICU</subfield>
  </datafield>
  <datafield tag="100" ind1="1" ind2="0">
    <subfield code="a">Lis, Ketty Alejandrina</subfield>
  </datafield>
  <datafield tag="670" ind1=" " ind2=" ">
    <subfield code="a">Her Imaginaciones, 1987:</subfield>
    <subfield code="b">t.p. (Ketty Alejandrina Lis)</subfield>
  </datafield>
</record>